@misc{wiki:tsp,
  author = "Wikipedia",
  title = "Travelling salesman problem --- Wikipedia{,} The Free Encyclopedia",
  year = "2016",
  url = "https://en.wikipedia.org/w/index.php?title=Travelling_salesman_problem&oldid=712195144",
  note = "[Online; accessed 12-April-2016]"
}

@misc{tools:meson,
  author = "Jussi Pakkanen",
  title = "The Meson Build System",
  year = "2016",
  url = "http://mesonbuild.com/",
}

@misc{tools:ninja,
  title = "Ninja: a small build system with a focus on speed",
  year = "2016",
  url = "https://ninja-build.org/",
}
